@misc{1_rogers_2011,
author={Rogers, Simon},
title={Mortality statistics: every cause of death in England and Wales, visualised | Datablog},
url={http://www.theguardian.com/news/datablog/2011/oct/28/mortality-statistics-causes-death-england-wales-2010},
journal={the Guardian},
year={2011}
},

@book{2_nhs england_2014,
author={NHS England,},
title={Consensus Paper on Out-of-Hospital Cardiac Arrest in England},
url={https://www.resus.org.uk/pages/OHCA_consensus_paper.pdf},
institution={NHS England},
year={2014}
},

@article{3_campbell_2012,
author={Campbell, Denis},
title={Chances of surviving cardiac arrest in England 'dire'},
url={http://www.theguardian.com/society/2012/nov/19/chances-surviving-cardiac-arrest-dire},
journal={The Guardian},
year={2012}
},

@book{4_lindner_søreide_nilsen_wenche torunn_2011,
author={Lindner, Thomas and Søreide, Eldar and Nilsen, Odd Bjarte and Wenche Torunn, Mathiesen},
title={Good outcome in every fourth resuscitation attempt is achievable—An Utstein template report from the Stavanger region},
url={http://www.sahlgrenska.se/upload/SU/omrade_molndal/ambulans/Good%20outcome%20in%20every%20fourth%20resuscitation%20attempt%20is%20achievable.%20Stavanger.pdf},
year={2011}
},

@book{5_nhs england_2014,
author={NHS England,},
title={Increase bystander initiated CPR by increasing proportion of population trained in CPR from 3.8m people to 5 million nationally},
url={http://www.england.nhs.uk/wp-content/uploads/2014/02/pm-fs-3-2.pdf},
year={2014}
},

@misc{6_smslivraddare.se_2015,
author={Smslivraddare.se,},
title={Info om hjärtstopp | SMSLivräddare},
url={http://www.smslivraddare.se/info-om-hjartstopp},
year={2015}
},

@misc{7_hscic.gov.uk_2015,
author={Hscic.gov.uk,},
title={Find data - Health & Social Care Information Centre},
url={http://www.hscic.gov.uk/catalogue/PUB11062},
year={2015}
},

@misc{8_stephenson_2015,
author={Stephenson, Philip},
title={Text messages are saving Swedes from cardiac arrest},
url={http://qz.com/138334/text-messages-are-saving-swedes-from-cardiac-arrest/},
journal={Quartz},
year={2015}
},

@misc{9_sifferlin_2015,
author={Sifferlin, Alexandra},
title={How Sweden’s New Text Message Plan Is Saving Cardiac Arrest Victims | TIME.com},
url={http://healthland.time.com/2013/10/23/how-swedens-new-text-message-plan-is-saving-cardiac-arrest-victims/},
journal={TIME.com},
year={2015}
},

@misc{10_developer.android.com_2015,
author={Developer.android.com,},
title={Google Cloud Messaging | Android Developers},
url={https://developer.android.com/google/gcm/index.html},
year={2015}
},

@misc{11_drain_2015,
author={drain, Google},
title={Google Cloud Messaging and less battery drain},
url={http://stackoverflow.com/a/12124927},
journal={Stackoverflow.com},
year={2015}
},

@misc{12_wenda.baba.io_2015,
author={Wenda.baba.io,},
title={Is GCM service reliable for large scale push notification?},
url={http://wenda.baba.io/questions/1527378/is-gcm-service-reliable-for-large-scale-push-notification.html},
year={2015}
},

@misc{13_google developers_2015,
author={Google Developers,},
title={Orchestrating iOS Push Notifications on Google Cloud Platform},
url={https://cloud.google.com/developers/articles/ios-push-notifications/},
year={2015}
},

@misc{14_developer.android.com_2015,
author={Developer.android.com,},
title={Implementing GCM Client on Android | Android Developers},
url={https://developer.android.com/google/gcm/client.html},
year={2015}
},

@misc{15_developer.android.com_2015,
author={Developer.android.com,},
title={Server Reference | Android Developers},
url={https://developer.android.com/google/gcm/server-ref.html},
year={2015}
},

@misc{16_developer.android.com_2015,
author={Developer.android.com,},
title={LatLng | Android Developers},
url={https://developer.android.com/reference/com/google/android/gms/maps/model/LatLng.html#latitude},
year={2015}
},

@misc{17_developer.android.com_2015,
author={Developer.android.com,},
title={Common Intents | Android Developers},
url={https://developer.android.com/guide/components/intents-common.html},
year={2015}
},

@misc{18_google developers_2015,
author={Google Developers,},
title={Markers},
url={https://developers.google.com/maps/documentation/android/marker},
year={2015}
},

@misc{19_developer.android.com_2015,
author={Developer.android.com,},
title={Geocoder | Android Developers},
url={http://developer.android.com/reference/android/location/Geocoder.html},
year={2015}
},

@misc{20_developer.android.com_2015,
author={Developer.android.com,},
title={Address | Android Developers},
url={http://developer.android.com/reference/android/location/Address.html#getAddressLine(int)},
year={2015}
},

@misc{21_developer.android.com_2015,
author={Developer.android.com,},
title={Distance to Location | Android Developers},
url={http://developer.android.com/reference/android/location/Location.html#distanceTo(android.location.Location)},
year={2015}
},

@misc{22_developer.android.com_2015,
author={Developer.android.com,},
title={Notifications | Android Developers},
url={http://developer.android.com/design/patterns/notifications.html},
year={2015}
},

@misc{23_developer.android.com_2015,
author={Developer.android.com,},
title={Implementing Collapseable Messages | Android Developers},
url={https://developer.android.com/google/gcm/server.html#collapsible},
year={2015}
},

@article{24_bbc news_2013,
author={BBC News,},
title={Ambulance service miss emergency response times},
url={http://Ambulance service miss emergency response times},
year={2013}
},

@misc{25_developer.android.com_2015,
author={Developer.android.com,},
title={GCM Cloud Connection Server (XMPP) | Android Developers},
url={http://developer.android.com/google/gcm/ccs.html},
year={2015}
},

@misc{26_stackoverflow.com_2015,
author={Stackoverflow.com,},
title={Why and how is push-notification (like GCM) battery efficient?},
url={http://stackoverflow.com/questions/22663778/why-and-how-is-push-notification-like-gcm-battery-efficient},
year={2015}
},

@misc{27_java.dzone.com_2015,
author={Java.dzone.com,},
title={Upstream Messages with Google Cloud Messaging | Javalobby},
url={http://java.dzone.com/articles/upstream-messages-google-cloud?page=0,1},
year={2015}
},

@misc{28_developer.android.com_2015,
author={Developer.android.com,},
title={Getting the Last Known Location | Android Developers},
url={https://developer.android.com/training/location/retrieve-current.html},
year={2015}
},

@misc{29_rightleftrightwrong.com_2015,
author={Rightleftrightwrong.com,},
title={Right, Left, Right, Wrong! - Handedness Statistics},
url={http://www.rightleftrightwrong.com/statistics.html},
year={2015}
},

@misc{30_bbc news_2014,
author={BBC News,},
title={Ambulance times slowest since 2011},
url={http://www.bbc.co.uk/news/uk-wales-30631210},
year={2014}
},

@misc{31_londonambulance.nhs.uk_2015,
author={Londonambulance.nhs.uk,},
title={London Ambulance Service - What happens when you call 999},
url={http://www.londonambulance.nhs.uk/calling_999/what_happens_when_you_call_999.aspx},
year={2015}
},

@misc{32_londonambulance.nhs.uk_2015,
author={Londonambulance.nhs.uk,},
title={London Ambulance Service - How we use your personal information},
url={http://www.londonambulance.nhs.uk/talking_with_us/use_your_personal_information.aspx},
year={2015}
},

@misc{33_toptenreviews_2015,
author={TopTenREVIEWS,},
title={Video Calling Phones Review - TopTenREVIEWS},
url={http://video-calling-phones-review.toptenreviews.com/},
year={2015}
},

@misc{34_wikipedia_2015,
author={Wikipedia,},
title={Smartphones},
url={http://en.wikipedia.org/wiki/Smartphone},
year={2015}
},

@misc{35_gsmarena.com_2015,
author={Gsmarena.com,},
title={GSMArena.com - GSM phone reviews, news, opinions, votes, manuals and more...},
url={http://www.gsmarena.com/},
year={2015}
},

@misc{36_mobilemastinfo.com_2015,
author={Mobilemastinfo.com,},
title={Stats and Facts},
url={http://www.mobilemastinfo.com/stats-and-facts/},
year={2015}
},

@misc{37_wikipedia_2015,
author={Wikipedia,},
title={5G},
url={http://en.wikipedia.org/wiki/5G},
year={2015}
},

@misc{38_support.skype.com_2015,
author={Support.skype.com,},
title={How much bandwidth does Skype need?},
url={https://support.skype.com/en/faq/FA1417/how-much-bandwidth-does-skype-need},
year={2015}
},

@misc{39_support.google.com_2015,
author={Support.google.com,},
title={Live encoder settings, bit rates and resolutions - YouTube Help},
url={https://support.google.com/youtube/answer/2853702?hl=en-GB},
year={2015}
},

@misc{40_wikipedia_2015,
author={Wikipedia,},
title={Real-time Transport Protocol},
url={http://en.wikipedia.org/wiki/Real-time_Transport_Protocol},
year={2015}
},

@misc{41_kelly_2014,
author={Kelly, Gordon},
title={H.265 vs VP9: 4K video codecs explained},
url={http://www.trustedreviews.com/opinions/h-265-vs-vp9-4k-video-codes-explained},
journal={Trustedreviews.com},
year={2014}
},

@misc{42_wikipedia_2015,
author={Wikipedia,},
title={VP9},
url={http://en.wikipedia.org/wiki/VP9},
year={2015}
},

@misc{43_shankland_2013,
author={Shankland, Stephen},
title={Google urges fast adoption of VP9 video compression - CNET},
url={http://www.cnet.com/news/google-urges-fast-adoption-of-vp9-video-compression/},
journal={CNET},
year={2013}
},

@misc{44_wingard_2014,
author={Wingard, Richard},
title={The Video Codec Fight: H.265 vs. VP9},
url={http://blog.euclidiq.com/video-compression-blog/the-video-codec-fight-h.265-vs.-vp9},
journal={Blog.euclidiq.com},
year={2014}
},

@misc{45_formats_2015,
author={Formats, Supported},
title={Supported Media Formats | Android Developers},
url={http://developer.android.com/guide/appendix/media-formats.html},
journal={Developer.android.com},
year={2015}
},

@misc{46_ustream support_2015,
author={Ustream Support,},
title={Internet connection and recommended encoding settings},
url={https://ustream.zendesk.com/entries/22962268-Internet-connection-and-recommended-encoding-settings},
year={2015}
},

@misc{47_wikipedia_2015,
author={Wikipedia,},
title={WebM},
url={http://en.wikipedia.org/wiki/WebM},
year={2015}
},

@misc{48_webmproject.org_2015,
author={Webmproject.org,},
title={The WebM Project},
url={http://www.webmproject.org/},
year={2015}
},

@misc{49_emergencysms.org.uk_2015,
author={Emergencysms.org.uk,},
title={SMS to the emergency services | EmergencySMS},
url={http://www.emergencysms.org.uk/},
year={2015}
},

@misc{50_wikipedia_2015,
author={Wikipedia,},
title={Short Message Service},
url={http://en.wikipedia.org/wiki/Short_Message_Service},
year={2015}
},

@misc{51_emergencysms.org.uk_2015,
author={Emergencysms.org.uk,},
title={How to send text | EmergencySMS},
url={http://www.emergencysms.org.uk/how_to_send_text.php},
year={2015}
},

@misc{52_emergencysms.org.uk_2012,
author={Emergencysms.org.uk,},
title={News | EmergencySMS},
url={http://www.emergencysms.org.uk/news.php},
year={2012}
},

@misc{53_safenetwork.org.uk_2011,
author={Safenetwork.org.uk,},
title={Deaf awareness | Identifying deafness | The Safe Network},
url={http://www.safenetwork.org.uk/training_and_awareness/pages/deaf-awareness.aspx},
year={2011}
},

@misc{54_wikipedia_2015,
author={Wikipedia,},
title={WebSocket},
url={http://en.wikipedia.org/wiki/WebSocket},
year={2015}
},

@misc{55_findlaw.co.uk_2015,
author={Findlaw.co.uk,},
title={Hoax 999 calls - Crime and Justice},
url={http://www.findlaw.co.uk/law/criminal/crimes_a_z/500552.html},
year={2015}
},

@misc{56_developer.android.com_2015,
author={Developer.android.com,},
title={Notification | Android Developers},
url={https://developer.android.com/reference/android/app/Notification.html#category},
year={2015}
}