@misc{1\_rogers\_2011,
author={Rogers, Simon},
title={Mortality statistics: every cause of death in England and Wales, visualised | Datablog},
url={http://www.theguardian.com/news/datablog/2011/oct/28/mortality-statistics-causes-death-england-wales-2010},
journal={the Guardian},
year={2011}
},

@book{2\_nhs england\_2014,
author={NHS England,},
title={Consensus Paper on Out-of-Hospital Cardiac Arrest in England},
url={https://www.resus.org.uk/pages/OHCA\_consensus\_paper.pdf},
institution={NHS England},
year={2014}
},

@article{3\_campbell\_2012,
author={Campbell, Denis},
title={Chances of surviving cardiac arrest in England 'dire'},
url={http://www.theguardian.com/society/2012/nov/19/chances-surviving-cardiac-arrest-dire},
journal={The Guardian},
year={2012}
},

@book{4\_lindner\_s�reide\_nilsen\_wenche torunn\_2011,
author={Lindner, Thomas and S�reide, Eldar and Nilsen, Odd Bjarte and Wenche Torunn, Mathiesen},
title={Good outcome in every fourth resuscitation attempt is achievable�An Utstein template report from the Stavanger region},
url={http://www.sahlgrenska.se/upload/SU/omrade\_molndal/ambulans/Good%20outcome%20in%20every%20fourth%20resuscitation%20attempt%20is%20achievable.%20Stavanger.pdf},
year={2011}
},

@book{5\_nhs england\_2014,
author={NHS England,},
title={Increase bystander initiated CPR by increasing proportion of population trained in CPR from 3.8m people to 5 million nationally},
url={http://www.england.nhs.uk/wp-content/uploads/2014/02/pm-fs-3-2.pdf},
year={2014}
},

@misc{6\_smslivraddare.se\_2015,
author={Smslivraddare.se,},
title={Info om hj�rtstopp | SMSLivr�ddare},
url={http://www.smslivraddare.se/info-om-hjartstopp},
year={2015}
},

@misc{7\_hscic.gov.uk\_2015,
author={Hscic.gov.uk,},
title={Find data - Health \& Social Care Information Centre},
url={http://www.hscic.gov.uk/catalogue/PUB11062},
year={2015}
},

@misc{8\_stephenson\_2015,
author={Stephenson, Philip},
title={Text messages are saving Swedes from cardiac arrest},
url={http://qz.com/138334/text-messages-are-saving-swedes-from-cardiac-arrest/},
journal={Quartz},
year={2015}
},

@misc{9\_sifferlin\_2015,
author={Sifferlin, Alexandra},
title={How Sweden�s New Text Message Plan Is Saving Cardiac Arrest Victims | TIME.com},
url={http://healthland.time.com/2013/10/23/how-swedens-new-text-message-plan-is-saving-cardiac-arrest-victims/},
journal={TIME.com},
year={2015}
},

@misc{10\_developer.android.com\_2015,
author={Developer.android.com,},
title={Google Cloud Messaging | Android Developers},
url={https://developer.android.com/google/gcm/index.html},
year={2015}
},

@misc{11\_drain\_2015,
author={drain, Google},
title={Google Cloud Messaging and less battery drain},
url={http://stackoverflow.com/a/12124927},
journal={Stackoverflow.com},
year={2015}
},

@misc{12\_wenda.baba.io\_2015,
author={Wenda.baba.io,},
title={Is GCM service reliable for large scale push notification?},
url={http://wenda.baba.io/questions/1527378/is-gcm-service-reliable-for-large-scale-push-notification.html},
year={2015}
},

@misc{13\_google developers\_2015,
author={Google Developers,},
title={Orchestrating iOS Push Notifications on Google Cloud Platform},
url={https://cloud.google.com/developers/articles/ios-push-notifications/},
year={2015}
},

@misc{14\_developer.android.com\_2015,
author={Developer.android.com,},
title={Implementing GCM Client on Android | Android Developers},
url={https://developer.android.com/google/gcm/client.html},
year={2015}
},

@misc{15\_developer.android.com\_2015,
author={Developer.android.com,},
title={Server Reference | Android Developers},
url={https://developer.android.com/google/gcm/server-ref.html},
year={2015}
},

@misc{16\_developer.android.com\_2015,
author={Developer.android.com,},
title={LatLng | Android Developers},
url={https://developer.android.com/reference/com/google/android/gms/maps/model/LatLng.html},
year={2015}
},

@misc{17\_developer.android.com\_2015,
author={Developer.android.com,},
title={Common Intents | Android Developers},
url={https://developer.android.com/guide/components/intents-common.html},
year={2015}
},

@misc{18\_google developers\_2015,
author={Google Developers,},
title={Markers},
url={https://developers.google.com/maps/documentation/android/marker},
year={2015}
},

@misc{19\_developer.android.com\_2015,
author={Developer.android.com,},
title={Geocoder | Android Developers},
url={http://developer.android.com/reference/android/location/Geocoder.html},
year={2015}
},

@misc{20\_developer.android.com\_2015,
author={Developer.android.com,},
title={Address | Android Developers},
url={http://developer.android.com/reference/android/location/Address.html},
year={2015}
},

@misc{21\_developer.android.com\_2015,
author={Developer.android.com,},
title={Distance to Location | Android Developers},
url={http://developer.android.com/reference/android/location/Location.html},
year={2015}
},

@misc{22\_developer.android.com\_2015,
author={Developer.android.com,},
title={Notifications | Android Developers},
url={http://developer.android.com/design/patterns/notifications.html},
year={2015}
},

@misc{23\_developer.android.com\_2015,
author={Developer.android.com,},
title={Implementing Collapseable Messages | Android Developers},
url={https://developer.android.com/google/gcm/server.html},
year={2015}
},

@article{24\_bbc news\_2013,
author={BBC News,},
title={Ambulance service miss emergency response times},
url={http://Ambulance service miss emergency response times},
year={2013}
},

@misc{25\_developer.android.com\_2015,
author={Developer.android.com,},
title={GCM Cloud Connection Server (XMPP) | Android Developers},
url={http://developer.android.com/google/gcm/ccs.html},
year={2015}
},

@misc{26\_stackoverflow.com\_2015,
author={Stackoverflow.com,},
title={Why and how is push-notification (like GCM) battery efficient?},
url={http://stackoverflow.com/questions/22663778/why-and-how-is-push-notification-like-gcm-battery-efficient},
year={2015}
},

@misc{27\_java.dzone.com\_2015,
author={Java.dzone.com,},
title={Upstream Messages with Google Cloud Messaging | Javalobby},
url={http://java.dzone.com/articles/upstream-messages-google-cloud?page=0,1},
year={2015}
},

@misc{28\_developer.android.com\_2015,
author={Developer.android.com,},
title={Getting the Last Known Location | Android Developers},
url={https://developer.android.com/training/location/retrieve-current.html},
year={2015}
},

@misc{29\_rightleftrightwrong.com\_2015,
author={Rightleftrightwrong.com,},
title={Right, Left, Right, Wrong! - Handedness Statistics},
url={http://www.rightleftrightwrong.com/statistics.html},
year={2015}
},

@misc{30\_bbc news\_2014,
author={BBC News,},
title={Ambulance times slowest since 2011},
url={http://www.bbc.co.uk/news/uk-wales-30631210},
year={2014}
},

@misc{31\_londonambulance.nhs.uk\_2015,
author={Londonambulance.nhs.uk,},
title={London Ambulance Service - What happens when you call 999},
url={http://www.londonambulance.nhs.uk/calling\_999/what\_happens\_when\_you\_call\_999.aspx},
year={2015}
},

@misc{32\_londonambulance.nhs.uk\_2015,
author={Londonambulance.nhs.uk,},
title={London Ambulance Service - How we use your personal information},
url={http://www.londonambulance.nhs.uk/talking\_with\_us/use\_your\_personal\_information.aspx},
year={2015}
},

@misc{33\_toptenreviews\_2015,
author={TopTenREVIEWS,},
title={Video Calling Phones Review - TopTenREVIEWS},
url={http://video-calling-phones-review.toptenreviews.com/},
year={2015}
},

@misc{34\_wikipedia\_2015,
author={Wikipedia,},
title={Smartphones},
url={http://en.wikipedia.org/wiki/Smartphone},
year={2015}
},

@misc{35\_gsmarena.com\_2015,
author={Gsmarena.com,},
title={GSMArena.com - GSM phone reviews, news, opinions, votes, manuals and more...},
url={http://www.gsmarena.com/},
year={2015}
},

@misc{36\_mobilemastinfo.com\_2015,
author={Mobilemastinfo.com,},
title={Stats and Facts},
url={http://www.mobilemastinfo.com/stats-and-facts/},
year={2015}
},

@misc{37\_wikipedia\_2015,
author={Wikipedia,},
title={5G},
url={http://en.wikipedia.org/wiki/5G},
year={2015}
},

@misc{38\_support.skype.com\_2015,
author={Support.skype.com,},
title={How much bandwidth does Skype need?},
url={https://support.skype.com/en/faq/FA1417/how-much-bandwidth-does-skype-need},
year={2015}
},

@misc{39\_support.google.com\_2015,
author={Support.google.com,},
title={Live encoder settings, bit rates and resolutions - YouTube Help},
url={https://support.google.com/youtube/answer/2853702?hl=en-GB},
year={2015}
},

@misc{40\_wikipedia\_2015,
author={Wikipedia,},
title={Real-time Transport Protocol},
url={http://en.wikipedia.org/wiki/Real-time\_Transport\_Protocol},
year={2015}
},

@misc{41\_kelly\_2014,
author={Kelly, Gordon},
title={H.265 vs VP9: 4K video codecs explained},
url={http://www.trustedreviews.com/opinions/h-265-vs-vp9-4k-video-codes-explained},
journal={Trustedreviews.com},
year={2014}
},

@misc{42\_wikipedia\_2015,
author={Wikipedia,},
title={VP9},
url={http://en.wikipedia.org/wiki/VP9},
year={2015}
},

@misc{43\_shankland\_2013,
author={Shankland, Stephen},
title={Google urges fast adoption of VP9 video compression - CNET},
url={http://www.cnet.com/news/google-urges-fast-adoption-of-vp9-video-compression/},
journal={CNET},
year={2013}
},

@misc{44\_wingard\_2014,
author={Wingard, Richard},
title={The Video Codec Fight: H.265 vs. VP9},
url={http://blog.euclidiq.com/video-compression-blog/the-video-codec-fight-h.265-vs.-vp9},
journal={Blog.euclidiq.com},
year={2014}
},

@misc{45\_formats\_2015,
author={Formats, Supported},
title={Supported Media Formats | Android Developers},
url={http://developer.android.com/guide/appendix/media-formats.html},
journal={Developer.android.com},
year={2015}
},

@misc{46\_ustream support\_2015,
author={Ustream Support,},
title={Internet connection and recommended encoding settings},
url={https://ustream.zendesk.com/entries/22962268-Internet-connection-and-recommended-encoding-settings},
year={2015}
},

@misc{47\_wikipedia\_2015,
author={Wikipedia,},
title={WebM},
url={http://en.wikipedia.org/wiki/WebM},
year={2015}
},

@misc{48\_webmproject.org\_2015,
author={Webmproject.org,},
title={The WebM Project},
url={http://www.webmproject.org/},
year={2015}
},

@misc{49\_emergencysms.org.uk\_2015,
author={Emergencysms.org.uk,},
title={SMS to the emergency services | EmergencySMS},
url={http://www.emergencysms.org.uk/},
year={2015}
},

@misc{50\_wikipedia\_2015,
author={Wikipedia,},
title={Short Message Service},
url={http://en.wikipedia.org/wiki/Short\_Message\_Service},
year={2015}
},

@misc{51\_emergencysms.org.uk\_2015,
author={Emergencysms.org.uk,},
title={How to send text | EmergencySMS},
url={http://www.emergencysms.org.uk/how\_to\_send\_text.php},
year={2015}
},

@misc{52\_emergencysms.org.uk\_2012,
author={Emergencysms.org.uk,},
title={News | EmergencySMS},
url={http://www.emergencysms.org.uk/news.php},
year={2012}
},

@misc{53\_safenetwork.org.uk\_2011,
author={Safenetwork.org.uk,},
title={Deaf awareness | Identifying deafness | The Safe Network},
url={http://www.safenetwork.org.uk/training\_and\_awareness/pages/deaf-awareness.aspx},
year={2011}
},

@misc{54\_wikipedia\_2015,
author={Wikipedia,},
title={WebSocket},
url={http://en.wikipedia.org/wiki/WebSocket},
year={2015}
},

@misc{55\_findlaw.co.uk\_2015,
author={Findlaw.co.uk,},
title={Hoax 999 calls - Crime and Justice},
url={http://www.findlaw.co.uk/law/criminal/crimes\_a\_z/500552.html},
year={2015}
},

@misc{56\_developer.android.com\_2015,
author={Developer.android.com,},
title={Notification | Android Developers},
url={https://developer.android.com/reference/android/app/Notification.html},
year={2015}
},

@misc{57\_w3.org\_2015,
author={W3.org,},
title={Hypertext Transfer Protocol Specification},
url={http://www.w3.org/Protocols/rfc2616/rfc2616.txt},
year={2015}
},

@misc{58\_barber\_2014,
author={Barber, Phill},
title={Phill Barber's Blog: Client Side vs Server Side Session},
url={http://phillbarber.blogspot.co.uk/2014/02/client-side-vs-server-side-session.html},
journal={Phillbarber.blogspot.co.uk},
year={2014}
},

@book{59\_the json data interchange format\_2013,
edition={1},
url={http://www.ecma-international.org/publications/files/ECMA-ST/ECMA-404.pdf},
publisher={ECMA International},
year={2013}
},

@misc{60\_github\_2015,
author={GitHub,},
title={swagger-api/swagger-spec},
url={https://github.com/swagger-api/swagger-spec},
year={2015}
},

@book{61\_carey\_2005,
author={Carey, Nick},
title={Establishing Pedestrian Walking Speeds},
url={http://www.westernite.org/datacollectionfund/2005/psu\_ped\_summary.pdf},
year={2005}
},

@misc{62\_json-schema.org\_2015,
author={Json-schema.org,},
title={JSON Schema - Documentation},
url={http://json-schema.org/documentation.html},
year={2015}
}